@article{DistancePointTriangle,
  title = {Distance {{Between Point}} and {{Triangle}} in {{3D}}},
  author = {Eberly, David},
  year = {2023},
  month = mar,
  journal = {28.09.1999},
  urldate = {2023-03-08},
  langid = {english},
  file = {/Users/cgathmann/Zotero/storage/DNL6NN8A/Eberly - Distance Between Point and Triangle in 3D.pdf}
}

@misc{regionen,
  title = {Uebungsblatt4},
  author = {Ehrhardt, Dr. rer. nat. Jan},
  year = {2023},
  month = jun,
  urldate = {2023-08-03},
  file = {/Users/cgathmann/Zotero/storage/AENFSUUH/SS23_CS3205_Ue04_Aufgaben.pdf}
}
